@unpublished{WaterLevel2023,
	title = "Water level prediction with various machine learning algorithms for a lowland river",
	author = "Zsolt Vizi, Bálint Batki, Luca Rátki, Szabolcs Szalánczi, István Fehérváry, Péter Kozák, Tímea Kiss,",
	year = "2023",
}
